@article{salesses2013,
  title={The collaborative image of the city: Mapping the inequality of urban perception},
  author={Salesses, P. and Schechtner, K. and Hidalgo, C.A.},
  journal={PloS one},
  volume={8},
  number={7},
  page={e0119352},
  year={2013},
  publisher={Public Library of Science}
}

@article{nhan2017,
  title={Digilantism: An analysis of crowdsourcing and the Boston marathon bombings},
  author={Nhan, J. and Huey, L. and Broll, R.},
  journal={British Journal of Criminology},
  volume={57},
  number={2},
  page={341--361},
  year={2017},
  publisher={Oxford Academic}
}
