@article{salesses2013,
  title={The collaborative image of the city: Mapping the inequality of urban perception},
  author={Salesses, P., Schechtner, K., & Hidalgo, C. A.},
  journal={PloS one},
  volume={8},
  number={7},
  page={e0119352},
  year={2013},
  publisher={Public Library of Science}
}

@mastersthesis{Harvey2014,
  author       = {Harvey, C. W.}, 
  title        = {Measuring streetscape design for livability using spatial data and methods},
  school       = {The Faculty of the Graduate College, The University of Vermont},
  year         = 2014,
  month        = 10,
}
